<?xml version="1.0" encoding="UTF-8"?><collection xmlns="http://www.loc.gov/MARC21/slim"><record><leader>00801nam--2200169-i-4500</leader><controlfield tag="001">000005836</controlfield><controlfield tag="002">20161230</controlfield><controlfield tag="005">20161230201026</controlfield><controlfield tag="008">060222s1000------------r-----000-0-eng-d</controlfield><datafield ind1=" " ind2=" " tag="040"><subfield code="a">IFIN-HH</subfield></datafield><datafield ind1=" " ind2=" " tag="080"><subfield code="a">539.12.047</subfield></datafield><datafield ind1="1" ind2=" " tag="100"><subfield code="a">Brues, Austin M</subfield></datafield><datafield ind1="1" ind2="0" tag="245"><subfield code="a">Low-level irradiation</subfield><subfield code="b">A symposium organized by the section on zoological sciences of the american association for the advancement of science, cosponsored by united states atomic energy commission and the division of biological and medical research of the argonne national laborATORY, AND PRESENTED AT THE INDIANOPOLIS MEETING, DECEMBER 30, 1957</subfield><subfield code="c">Austin m. brues (ed.)</subfield></datafield><datafield ind1=" " ind2=" " tag="260"><subfield code="a">Washington</subfield><subfield code="b">American Association For The Advancement Of Science</subfield><subfield code="c">1959</subfield></datafield><datafield ind1=" " ind2=" " tag="300"><subfield code="a">IX + 148 P</subfield></datafield><datafield ind1=" " ind2=" " tag="852"><subfield code="a">17256</subfield><subfield code="c">539.12.04</subfield></datafield><datafield ind1=" " ind2=" " tag="CAT"><subfield code="a">Sys</subfield><subfield code="c">20120203</subfield><subfield code="h">124409</subfield></datafield></record></collection>